%% This BibTeX bibliography file was created using BibDesk.
%% http://bibdesk.sourceforge.net/


%% Created for Matthew May at 2016-01-30 18:57:11 -0600 


%% Saved with string encoding Unicode (UTF-8) 



@article{weidmann1992transporttechnik,
	Author = {Weidmann, Ulrich},
	Date-Added = {2016-01-30 18:57:28 +0000},
	Date-Modified = {2016-01-30 18:57:28 +0000},
	Journal = {Strasse und Verkehr},
	Number = {3},
	Pages = {161--169},
	Publisher = {Vereinigung Schweizerischer Strassenfachm{\"a}nner},
	Title = {Transporttechnik der fussg{\"a}nger},
	Volume = {78},
	Year = {1992}}

@article{helbing1995social,
	Author = {Helbing, Dirk and Molnar, Peter},
	Date-Added = {2016-01-30 18:50:22 +0000},
	Date-Modified = {2016-01-30 18:50:22 +0000},
	Journal = {Physical review E},
	Number = {5},
	Pages = {4282},
	Publisher = {APS},
	Title = {Social force model for pedestrian dynamics},
	Volume = {51},
	Year = {1995}}

@article{ganem1998behavioral,
	Author = {Ganem, Joseph},
	Date-Added = {2016-01-30 18:21:23 +0000},
	Date-Modified = {2016-01-30 18:21:23 +0000},
	Journal = {The Physics Teacher},
	Number = {2},
	Pages = {76--78},
	Publisher = {American Association of Physics Teachers},
	Title = {A behavioral demonstration of Fermat's principle},
	Volume = {36},
	Year = {1998}}

@article{zheng2009modeling,
	Author = {Zheng, Xiaoping and Zhong, Tingkuan and Liu, Mengting},
	Date-Added = {2016-01-30 04:41:00 +0000},
	Date-Modified = {2016-01-30 04:41:00 +0000},
	Journal = {Building and Environment},
	Number = {3},
	Pages = {437--445},
	Publisher = {Elsevier},
	Title = {Modeling crowd evacuation of a building based on seven methodological approaches},
	Volume = {44},
	Year = {2009}}

@inproceedings{braun2003modeling,
	Author = {Braun, Adriana and Musse, Soraia R and de Oliveira, Luiz PL and Bodmann, Bardo EJ},
	Booktitle = {Computer Animation and Social Agents, 2003. 16th International Conference on},
	Date-Added = {2016-01-26 03:09:56 +0000},
	Date-Modified = {2016-01-26 03:09:56 +0000},
	Organization = {IEEE},
	Pages = {143--148},
	Title = {Modeling individual behaviors in crowd simulation},
	Year = {2003}}

@incollection{klupfel2005models,
	Author = {Kl{\"u}pfel, Hubert and Schreckenberg, Michael and Meyer-K{\"o}nig, Tim},
	Booktitle = {Traffic and Granular Flow'03},
	Date-Added = {2016-01-26 03:08:14 +0000},
	Date-Modified = {2016-01-26 03:08:14 +0000},
	Pages = {357--372},
	Publisher = {Springer},
	Title = {Models for crowd movement and egress simulation},
	Year = {2005}}

@incollection{klupfel2005simulation,
	Author = {Kl{\"u}pfel, Hubert and Meyer-K{\"o}nig, Tim},
	Booktitle = {Traffic and Granular Flow'03},
	Date-Added = {2016-01-26 03:06:52 +0000},
	Date-Modified = {2016-01-26 03:06:52 +0000},
	Pages = {423--428},
	Publisher = {Springer},
	Title = {Simulation of the Evacuation of a football stadium using the CA Model PedGo},
	Year = {2005}}

@article{liu2012fine,
	Author = {Liu, Yi and Xiong, Shengwu},
	Date-Added = {2016-01-26 03:04:55 +0000},
	Date-Modified = {2016-01-26 03:04:55 +0000},
	Journal = {International Journal of Digital Content Technology \& its Applications},
	Number = {8},
	Title = {A Fine-grained Parallel Multi-Objective Genetic Algorithm for Stadium Evacuation Route Assignment.},
	Volume = {6},
	Year = {2012}}

@article{helbing2005self,
	Author = {Helbing, Dirk and Buzna, Lubos and Johansson, Anders and Werner, Torsten},
	Date-Added = {2016-01-26 03:04:39 +0000},
	Date-Modified = {2016-01-26 03:04:39 +0000},
	Journal = {Transportation science},
	Number = {1},
	Pages = {1--24},
	Publisher = {INFORMS},
	Title = {Self-organized pedestrian crowd dynamics: Experiments, simulations, and design solutions},
	Volume = {39},
	Year = {2005}}

@article{kemloh2012modeling,
	Author = {Kemloh Wagoum, Armel Ulrich  and Seyfried, Armin and Holl, Stefan},
	Date-Added = {2016-01-26 03:03:23 +0000},
	Date-Modified = {2016-01-31 00:56:12 +0000},
	Journal = {Advances in Complex Systems},
	Number = {07},
	Pages = {1250029},
	Publisher = {World Scientific},
	Title = {Modeling the dynamic route choice of pedestrians to assess the criticality of building evacuation},
	Volume = {15},
	Year = {2012}}

@article{zhang2007stranded,
	Author = {Zhang, Qingsong and Liu, Mao and Wu, Caihong and Zhao, Guomin},
	Date-Added = {2016-01-26 03:01:45 +0000},
	Date-Modified = {2016-01-26 03:01:45 +0000},
	Journal = {Building and Environment},
	Number = {7},
	Pages = {2630--2636},
	Publisher = {Elsevier},
	Title = {A stranded-crowd model (SCM) for performance-based design of stadium egress},
	Volume = {42},
	Year = {2007}}

@article{fang2011hierarchical,
	Author = {Fang, Zhixiang and Zong, Xinlu and Li, Qingquan and Li, Qiuping and Xiong, Shengwu},
	Date-Added = {2016-01-26 03:01:00 +0000},
	Date-Modified = {2016-01-26 03:01:00 +0000},
	Journal = {Journal of Transport Geography},
	Number = {3},
	Pages = {443--451},
	Publisher = {Elsevier},
	Title = {Hierarchical multi-objective evacuation routing in stadium using ant colony optimization approach},
	Volume = {19},
	Year = {2011}}

@article{zarboutis2007design,
	Author = {Zarboutis, Nikos and Marmaras, Nicolas},
	Date-Added = {2016-01-26 03:00:31 +0000},
	Date-Modified = {2016-01-26 03:00:31 +0000},
	Journal = {Safety Science},
	Number = {9},
	Pages = {920--940},
	Publisher = {Elsevier},
	Title = {Design of formative evacuation plans using agent-based simulation},
	Volume = {45},
	Year = {2007}}

@article{helbing2002simulation,
	Author = {Helbing, Dirk and Farkas, Illes J and Molnar, Peter and Vicsek, Tam{\'a}s},
	Date-Added = {2016-01-26 02:59:58 +0000},
	Date-Modified = {2016-01-26 02:59:58 +0000},
	Journal = {Pedestrian and evacuation dynamics},
	Number = {2},
	Pages = {21--58},
	Publisher = {Springer, Berlin},
	Title = {Simulation of pedestrian crowds in normal and evacuation situations},
	Volume = {21},
	Year = {2002}}

@article{fang2011proposed,
	Author = {Fang, Zhixiang and Li, Qingquan and Li, Qiuping and Han, Lee D and Wang, Dan},
	Date-Added = {2016-01-26 02:59:44 +0000},
	Date-Modified = {2016-01-26 02:59:44 +0000},
	Journal = {Building and Environment},
	Number = {9},
	Pages = {1774--1784},
	Publisher = {Elsevier},
	Title = {A proposed pedestrian waiting-time model for improving space--time use efficiency in stadium evacuation scenarios},
	Volume = {46},
	Year = {2011}}

@article{szegedy2014going,
	Author = {Szegedy, Christian and Liu, Wei and Jia, Yangqing and Sermanet, Pierre and Reed, Scott and Anguelov, Dragomir and Erhan, Dumitru and Vanhoucke, Vincent and Rabinovich, Andrew},
	Date-Added = {2016-01-24 01:23:09 +0000},
	Date-Modified = {2016-01-24 01:23:09 +0000},
	Journal = {arXiv preprint arXiv:1409.4842},
	Title = {Going deeper with convolutions},
	Year = {2014}}

@article{chen2015net2net,
	Author = {Chen, Tianqi and Goodfellow, Ian and Shlens, Jonathon},
	Date-Added = {2016-01-24 01:22:50 +0000},
	Date-Modified = {2016-01-24 01:22:50 +0000},
	Journal = {arXiv preprint arXiv:1511.05641},
	Title = {Net2Net: Accelerating Learning via Knowledge Transfer},
	Year = {2015}}

@article{szegedy2015rethinking,
	Author = {Szegedy, Christian and Vanhoucke, Vincent and Ioffe, Sergey and Shlens, Jonathon and Wojna, Zbigniew},
	Date-Added = {2016-01-24 01:22:06 +0000},
	Date-Modified = {2016-01-24 01:22:06 +0000},
	Journal = {arXiv preprint arXiv:1512.00567},
	Title = {Rethinking the Inception Architecture for Computer Vision},
	Year = {2015}}

@unpublished{esteva-skincancer-manuscript,
	Author = {Esteva, Andre and Kuprel, Brett and Thrun, Sebastian},
	Date-Added = {2016-01-24 01:13:29 +0000},
	Date-Modified = {2016-01-24 01:18:37 +0000},
	Note = {Unpublished manuscript},
	Title = {Deep Networks for Early Stage Skin Disease and Skin Cancer Classification},
	Year = {2015}}

@inproceedings{okazaki1993study,
	Annote = {Models pedestrian evacuation of arbitrary buildings using Coulomb's law },
	Author = {Okazaki, Shigeyuki and Matsushita, Satoshi},
	Booktitle = {International Conference on Engineering for Crowd Safety},
	Date-Added = {2016-01-20 02:54:39 +0000},
	Date-Modified = {2016-01-20 02:56:21 +0000},
	Pages = {271--280},
	Title = {A study of simulation model for pedestrian movement with evacuation and queuing},
	Year = {1993},
	Bdsk-File-1 = {YnBsaXN0MDDUAQIDBAUGJCVYJHZlcnNpb25YJG9iamVjdHNZJGFyY2hpdmVyVCR0b3ASAAGGoKgHCBMUFRYaIVUkbnVsbNMJCgsMDxJXTlMua2V5c1pOUy5vYmplY3RzViRjbGFzc6INDoACgAOiEBGABIAFgAdccmVsYXRpdmVQYXRoWWFsaWFzRGF0YV8QaS4uL1JlZmVyZW5jZXMvb2themFraSBBIHN0dWR5IG9mIHNpbXVsYXRpb24gbW9kZWwgZm9yIHBlZGVzdHJpYW4gbW92ZW1lbnQgd2l0aCBldmFjdWF0aW9uIGFuZCBxdWV1aW5nLnBkZtIXCxgZV05TLmRhdGFPEQKoAAAAAAKoAAIAAANtYm0AAAAAAAAAAAAAAAAAAAAAAAAAAAAAAADL8/GjSCsAAAvbs94fb2themFraSBBIHN0dWR5IG9mICNCREJGNTlELnBkZgAAAAAAAAAAAAAAAAAAAAAAAAAAAAAAAAAAAAAAAAAAC9v1ndLEUqUAAAAAAAAAAAABAAIAAAkgAAAAAAAAAAAAAAAAAAAAClJlZmVyZW5jZXMAEAAIAADL9DfzAAAAEQAIAADSxKcFAAAAAQAUC9uz3gvZe4EG6U7uAAPXTAAD10oAAgBgbWJtOlVzZXJzOgBtYm1heToAR29vZ2xlIERyaXZlOgBDU0UgNjczMC8gUHJvamVjdCAxOgBSZWZlcmVuY2VzOgBva2F6YWtpIEEgc3R1ZHkgb2YgI0JEQkY1OUQucGRmAA4AuABbAG8AawBhAHoAYQBrAGkAIABBACAAcwB0AHUAZAB5ACAAbwBmACAAcwBpAG0AdQBsAGEAdABpAG8AbgAgAG0AbwBkAGUAbAAgAGYAbwByACAAcABlAGQAZQBzAHQAcgBpAGEAbgAgAG0AbwB2AGUAbQBlAG4AdAAgAHcAaQB0AGgAIABlAHYAYQBjAHUAYQB0AGkAbwBuACAAYQBuAGQAIABxAHUAZQB1AGkAbgBnAC4AcABkAGYADwAIAAMAbQBiAG0AEgCTVXNlcnMvbWJtYXkvR29vZ2xlIERyaXZlL0NTRSA2NzMwOiBQcm9qZWN0IDEvUmVmZXJlbmNlcy9va2F6YWtpIEEgc3R1ZHkgb2Ygc2ltdWxhdGlvbiBtb2RlbCBmb3IgcGVkZXN0cmlhbiBtb3ZlbWVudCB3aXRoIGV2YWN1YXRpb24gYW5kIHF1ZXVpbmcucGRmAAATAAEvAAAVAAIADP//AACABtIbHB0eWiRjbGFzc25hbWVYJGNsYXNzZXNdTlNNdXRhYmxlRGF0YaMdHyBWTlNEYXRhWE5TT2JqZWN00hscIiNcTlNEaWN0aW9uYXJ5oiIgXxAPTlNLZXllZEFyY2hpdmVy0SYnVHJvb3SAAQAIABEAGgAjAC0AMgA3AEAARgBNAFUAYABnAGoAbABuAHEAcwB1AHcAhACOAPoA/wEHA7MDtQO6A8UDzgPcA+AD5wPwA/UEAgQFBBcEGgQfAAAAAAAAAgEAAAAAAAAAKAAAAAAAAAAAAAAAAAAABCE=}}

@article{helbing2000simulating,
	Author = {Helbing, Dirk and Farkas, Ill{\'e}s and Vicsek, Tamas},
	Date-Added = {2016-01-20 02:23:54 +0000},
	Date-Modified = {2016-01-20 02:23:54 +0000},
	Journal = {Nature},
	Number = {6803},
	Pages = {487--490},
	Publisher = {Nature Publishing Group},
	Title = {Simulating dynamical features of escape panic},
	Volume = {407},
	Year = {2000},
	Bdsk-File-1 = {YnBsaXN0MDDUAQIDBAUGJCVYJHZlcnNpb25YJG9iamVjdHNZJGFyY2hpdmVyVCR0b3ASAAGGoKgHCBMUFRYaIVUkbnVsbNMJCgsMDxJXTlMua2V5c1pOUy5vYmplY3RzViRjbGFzc6INDoACgAOiEBGABIAFgAdccmVsYXRpdmVQYXRoWWFsaWFzRGF0YV8QRy4uL1JlZmVyZW5jZXMvaGVsYmluZyBTaW11bGF0aW5nIGR5bmFtaWNhbCBmZWF0dXJlcyBvZiBlc2NhcGUgcGFuaWMucGRm0hcLGBlXTlMuZGF0YU8RAkIAAAAAAkIAAgAAA21ibQAAAAAAAAAAAAAAAAAAAAAAAAAAAAAAAMvz8aNIKwAAC9uz3h9oZWxiaW5nIFNpbXVsYXRpbmcgI0JEQzAzRjEucGRmAAAAAAAAAAAAAAAAAAAAAAAAAAAAAAAAAAAAAAAAAAAL3APx0sRTygAAAAAAAAAAAAEAAgAACSAAAAAAAAAAAAAAAAAAAAAKUmVmZXJlbmNlcwAQAAgAAMv0N/MAAAARAAgAANLEqCoAAAABABQL27PeC9l7gQbpTu4AA9dMAAPXSgACAGBtYm06VXNlcnM6AG1ibWF5OgBHb29nbGUgRHJpdmU6AENTRSA2NzMwLyBQcm9qZWN0IDE6AFJlZmVyZW5jZXM6AGhlbGJpbmcgU2ltdWxhdGluZyAjQkRDMDNGMS5wZGYADgB0ADkAaABlAGwAYgBpAG4AZwAgAFMAaQBtAHUAbABhAHQAaQBuAGcAIABkAHkAbgBhAG0AaQBjAGEAbAAgAGYAZQBhAHQAdQByAGUAcwAgAG8AZgAgAGUAcwBjAGEAcABlACAAcABhAG4AaQBjAC4AcABkAGYADwAIAAMAbQBiAG0AEgBxVXNlcnMvbWJtYXkvR29vZ2xlIERyaXZlL0NTRSA2NzMwOiBQcm9qZWN0IDEvUmVmZXJlbmNlcy9oZWxiaW5nIFNpbXVsYXRpbmcgZHluYW1pY2FsIGZlYXR1cmVzIG9mIGVzY2FwZSBwYW5pYy5wZGYAABMAAS8AABUAAgAM//8AAIAG0hscHR5aJGNsYXNzbmFtZVgkY2xhc3Nlc11OU011dGFibGVEYXRhox0fIFZOU0RhdGFYTlNPYmplY3TSGxwiI1xOU0RpY3Rpb25hcnmiIiBfEA9OU0tleWVkQXJjaGl2ZXLRJidUcm9vdIABAAgAEQAaACMALQAyADcAQABGAE0AVQBgAGcAagBsAG4AcQBzAHUAdwCEAI4A2ADdAOUDKwMtAzIDPQNGA1QDWANfA2gDbQN6A30DjwOSA5cAAAAAAAACAQAAAAAAAAAoAAAAAAAAAAAAAAAAAAADmQ==}}

@article{weifeng2003simulation,
	Annote = {Another somewhat boring study of CAs },
	Author = {Weifeng, Fang and Lizhong, Yang and Weicheng, Fan},
	Date-Added = {2016-01-20 02:18:59 +0000},
	Date-Modified = {2016-01-20 02:55:36 +0000},
	Journal = {Physica A: Statistical Mechanics and its Applications},
	Number = {3},
	Pages = {633--640},
	Publisher = {Elsevier},
	Title = {Simulation of bi-direction pedestrian movement using a cellular automata model},
	Volume = {321},
	Year = {2003},
	Bdsk-File-1 = {YnBsaXN0MDDUAQIDBAUGJCVYJHZlcnNpb25YJG9iamVjdHNZJGFyY2hpdmVyVCR0b3ASAAGGoKgHCBMUFRYaIVUkbnVsbNMJCgsMDxJXTlMua2V5c1pOUy5vYmplY3RzViRjbGFzc6INDoACgAOiEBGABIAFgAdccmVsYXRpdmVQYXRoWWFsaWFzRGF0YV8QZi4uL1JlZmVyZW5jZXMvd2VpZmVuZyBTaW11bGF0aW9uIG9mIGJkaXJlY3Rpb24gcGVkZXN0cmlhbiBtb3ZlbWVudCB1c2luZyBhIGNlbGx1bGFyIGF1dG9tYXRhIG1vZGVsLnBkZtIXCxgZV05TLmRhdGFPEQKeAAAAAAKeAAIAAANtYm0AAAAAAAAAAAAAAAAAAAAAAAAAAAAAAADL8/GjSCsAAAvbs94fd2VpZmVuZyBTaW11bGF0aW9uICNCREJFMDVBLnBkZgAAAAAAAAAAAAAAAAAAAAAAAAAAAAAAAAAAAAAAAAAAC9vgWtLESesAAAAAAAAAAAABAAIAAAkgAAAAAAAAAAAAAAAAAAAAClJlZmVyZW5jZXMAEAAIAADL9DfzAAAAEQAIAADSxJ5LAAAAAQAUC9uz3gvZe4EG6U7uAAPXTAAD10oAAgBgbWJtOlVzZXJzOgBtYm1heToAR29vZ2xlIERyaXZlOgBDU0UgNjczMC8gUHJvamVjdCAxOgBSZWZlcmVuY2VzOgB3ZWlmZW5nIFNpbXVsYXRpb24gI0JEQkUwNUEucGRmAA4AsgBYAHcAZQBpAGYAZQBuAGcAIABTAGkAbQB1AGwAYQB0AGkAbwBuACAAbwBmACAAYgBkAGkAcgBlAGMAdABpAG8AbgAgAHAAZQBkAGUAcwB0AHIAaQBhAG4AIABtAG8AdgBlAG0AZQBuAHQAIAB1AHMAaQBuAGcAIABhACAAYwBlAGwAbAB1AGwAYQByACAAYQB1AHQAbwBtAGEAdABhACAAbQBvAGQAZQBsAC4AcABkAGYADwAIAAMAbQBiAG0AEgCQVXNlcnMvbWJtYXkvR29vZ2xlIERyaXZlL0NTRSA2NzMwOiBQcm9qZWN0IDEvUmVmZXJlbmNlcy93ZWlmZW5nIFNpbXVsYXRpb24gb2YgYmRpcmVjdGlvbiBwZWRlc3RyaWFuIG1vdmVtZW50IHVzaW5nIGEgY2VsbHVsYXIgYXV0b21hdGEgbW9kZWwucGRmABMAAS8AABUAAgAM//8AAIAG0hscHR5aJGNsYXNzbmFtZVgkY2xhc3Nlc11OU011dGFibGVEYXRhox0fIFZOU0RhdGFYTlNPYmplY3TSGxwiI1xOU0RpY3Rpb25hcnmiIiBfEA9OU0tleWVkQXJjaGl2ZXLRJidUcm9vdIABAAgAEQAaACMALQAyADcAQABGAE0AVQBgAGcAagBsAG4AcQBzAHUAdwCEAI4A9wD8AQQDpgOoA60DuAPBA88D0wPaA+MD6AP1A/gECgQNBBIAAAAAAAACAQAAAAAAAAAoAAAAAAAAAAAAAAAAAAAEFA==}}

@article{biham1992self,
	Author = {Biham, Ofer and Middleton, A Alan and Levine, Dov},
	Date-Added = {2016-01-20 02:18:21 +0000},
	Date-Modified = {2016-01-20 02:18:21 +0000},
	Journal = {Physical Review A},
	Number = {10},
	Pages = {R6124},
	Publisher = {APS},
	Title = {Self-organization and a dynamical transition in traffic-flow models},
	Volume = {46},
	Year = {1992},
	Bdsk-File-1 = {YnBsaXN0MDDUAQIDBAUGJCVYJHZlcnNpb25YJG9iamVjdHNZJGFyY2hpdmVyVCR0b3ASAAGGoKgHCBMUFRYaIVUkbnVsbNMJCgsMDxJXTlMua2V5c1pOUy5vYmplY3RzViRjbGFzc6INDoACgAOiEBGABIAFgAdccmVsYXRpdmVQYXRoWWFsaWFzRGF0YV8QWy4uL1JlZmVyZW5jZXMvYmloYW0gU2VsZiBPcmdhbml6YXRpb24gYW5kIGEgRHluYW1pY2FsIFRyYW5zaXRpb24gaW4gVHJhZmZpYyBGbG93IE1vZGVscy5wZGbSFwsYGVdOUy5kYXRhTxECfgAAAAACfgACAAADbWJtAAAAAAAAAAAAAAAAAAAAAAAAAAAAAAAAy/Pxo0grAAAL27PeH2JpaGFtIFNlbGYgT3JnYW5pemEjQzEzNDgxQi5wZGYAAAAAAAAAAAAAAAAAAAAAAAAAAAAAAAAAAAAAAAAAAAwTSBvSxEnhAAAAAAAAAAAAAQACAAAJIAAAAAAAAAAAAAAAAAAAAApSZWZlcmVuY2VzABAACAAAy/Q38wAAABEACAAA0sSeQQAAAAEAFAvbs94L2XuBBulO7gAD10wAA9dKAAIAYG1ibTpVc2VyczoAbWJtYXk6AEdvb2dsZSBEcml2ZToAQ1NFIDY3MzAvIFByb2plY3QgMToAUmVmZXJlbmNlczoAYmloYW0gU2VsZiBPcmdhbml6YSNDMTM0ODFCLnBkZgAOAJwATQBiAGkAaABhAG0AIABTAGUAbABmACAATwByAGcAYQBuAGkAegBhAHQAaQBvAG4AIABhAG4AZAAgAGEAIABEAHkAbgBhAG0AaQBjAGEAbAAgAFQAcgBhAG4AcwBpAHQAaQBvAG4AIABpAG4AIABUAHIAYQBmAGYAaQBjACAARgBsAG8AdwAgAE0AbwBkAGUAbABzAC4AcABkAGYADwAIAAMAbQBiAG0AEgCFVXNlcnMvbWJtYXkvR29vZ2xlIERyaXZlL0NTRSA2NzMwOiBQcm9qZWN0IDEvUmVmZXJlbmNlcy9iaWhhbSBTZWxmIE9yZ2FuaXphdGlvbiBhbmQgYSBEeW5hbWljYWwgVHJhbnNpdGlvbiBpbiBUcmFmZmljIEZsb3cgTW9kZWxzLnBkZgAAEwABLwAAFQACAAz//wAAgAbSGxwdHlokY2xhc3NuYW1lWCRjbGFzc2VzXU5TTXV0YWJsZURhdGGjHR8gVk5TRGF0YVhOU09iamVjdNIbHCIjXE5TRGljdGlvbmFyeaIiIF8QD05TS2V5ZWRBcmNoaXZlctEmJ1Ryb290gAEACAARABoAIwAtADIANwBAAEYATQBVAGAAZwBqAGwAbgBxAHMAdQB3AIQAjgDsAPEA+QN7A30DggONA5YDpAOoA68DuAO9A8oDzQPfA+ID5wAAAAAAAAIBAAAAAAAAACgAAAAAAAAAAAAAAAAAAAPp}}

@article{blue2001cellular,
	Annote = {CA-based model that explores bidirectional flow},
	Author = {Blue, Victor J and Adler, Jeffrey L},
	Date-Added = {2016-01-20 02:07:12 +0000},
	Date-Modified = {2016-01-20 02:08:16 +0000},
	Journal = {Transportation Research Part B: Methodological},
	Number = {3},
	Pages = {293--312},
	Publisher = {Elsevier},
	Title = {Cellular automata microsimulation for modeling bi-directional pedestrian walkways},
	Volume = {35},
	Year = {2001},
	Bdsk-File-1 = {YnBsaXN0MDDUAQIDBAUGJCVYJHZlcnNpb25YJG9iamVjdHNZJGFyY2hpdmVyVCR0b3ASAAGGoKgHCBMUFRYaIVUkbnVsbNMJCgsMDxJXTlMua2V5c1pOUy5vYmplY3RzViRjbGFzc6INDoACgAOiEBGABIAFgAdccmVsYXRpdmVQYXRoWWFsaWFzRGF0YV8QaC4uL1JlZmVyZW5jZXMvYmx1ZSBDZWxsdWxhciBhdXRvbWF0YSBtaWNyb3NpbXVsYXRpb24gZm9yIG1vZGVsaW5nIGJpLWRpcmVjdGlvbmFsIHBlZGVzdHJpYW4gd2Fsa3dheXMucGRm0hcLGBlXTlMuZGF0YU8RAqQAAAAAAqQAAgAAA21ibQAAAAAAAAAAAAAAAAAAAAAAAAAAAAAAAMvz8aNIKwAAC9uz3h9ibHVlIENlbGx1bGFyIGF1dG9tI0JEQkE4NjEucGRmAAAAAAAAAAAAAAAAAAAAAAAAAAAAAAAAAAAAAAAAAAAL26hh0sRB8gAAAAAAAAAAAAEAAgAACSAAAAAAAAAAAAAAAAAAAAAKUmVmZXJlbmNlcwAQAAgAAMv0N/MAAAARAAgAANLEllIAAAABABQL27PeC9l7gQbpTu4AA9dMAAPXSgACAGBtYm06VXNlcnM6AG1ibWF5OgBHb29nbGUgRHJpdmU6AENTRSA2NzMwLyBQcm9qZWN0IDE6AFJlZmVyZW5jZXM6AGJsdWUgQ2VsbHVsYXIgYXV0b20jQkRCQTg2MS5wZGYADgC2AFoAYgBsAHUAZQAgAEMAZQBsAGwAdQBsAGEAcgAgAGEAdQB0AG8AbQBhAHQAYQAgAG0AaQBjAHIAbwBzAGkAbQB1AGwAYQB0AGkAbwBuACAAZgBvAHIAIABtAG8AZABlAGwAaQBuAGcAIABiAGkALQBkAGkAcgBlAGMAdABpAG8AbgBhAGwAIABwAGUAZABlAHMAdAByAGkAYQBuACAAdwBhAGwAawB3AGEAeQBzAC4AcABkAGYADwAIAAMAbQBiAG0AEgCSVXNlcnMvbWJtYXkvR29vZ2xlIERyaXZlL0NTRSA2NzMwOiBQcm9qZWN0IDEvUmVmZXJlbmNlcy9ibHVlIENlbGx1bGFyIGF1dG9tYXRhIG1pY3Jvc2ltdWxhdGlvbiBmb3IgbW9kZWxpbmcgYmktZGlyZWN0aW9uYWwgcGVkZXN0cmlhbiB3YWxrd2F5cy5wZGYAEwABLwAAFQACAAz//wAAgAbSGxwdHlokY2xhc3NuYW1lWCRjbGFzc2VzXU5TTXV0YWJsZURhdGGjHR8gVk5TRGF0YVhOU09iamVjdNIbHCIjXE5TRGljdGlvbmFyeaIiIF8QD05TS2V5ZWRBcmNoaXZlctEmJ1Ryb290gAEACAARABoAIwAtADIANwBAAEYATQBVAGAAZwBqAGwAbgBxAHMAdQB3AIQAjgD5AP4BBgOuA7ADtQPAA8kD1wPbA+ID6wPwA/0EAAQSBBUEGgAAAAAAAAIBAAAAAAAAACgAAAAAAAAAAAAAAAAAAAQc}}

@article{helbing1998fluid,
	Abstract = {Equation-based model that simulates pedestrian flow as a fluid-dyamic model},
	Author = {Helbing, Dirk},
	Date-Added = {2016-01-20 02:05:09 +0000},
	Date-Modified = {2016-01-20 02:05:32 +0000},
	Journal = {arXiv preprint cond-mat/9805213},
	Title = {A fluid dynamic model for the movement of pedestrians},
	Year = {1998},
	Bdsk-File-1 = {YnBsaXN0MDDUAQIDBAUGJCVYJHZlcnNpb25YJG9iamVjdHNZJGFyY2hpdmVyVCR0b3ASAAGGoKgHCBMUFRYaIVUkbnVsbNMJCgsMDxJXTlMua2V5c1pOUy5vYmplY3RzViRjbGFzc6INDoACgAOiEBGABIAFgAdccmVsYXRpdmVQYXRoWWFsaWFzRGF0YV8QTy4uL1JlZmVyZW5jZXMvaGVsYmluZyBBIEZsdWlkIER5bmFtaWMgTW9kZWwgZm9yIHRoZSBNb3ZlbWVudCBvZiBQZWRlc3RyaWFucy5wZGbSFwsYGVdOUy5kYXRhTxECWgAAAAACWgACAAADbWJtAAAAAAAAAAAAAAAAAAAAAAAAAAAAAAAAy/Pxo0grAAAL27PeH2hlbGJpbmcgQSBGbHVpZCBEeW4jQkRCOTlDOC5wZGYAAAAAAAAAAAAAAAAAAAAAAAAAAAAAAAAAAAAAAAAAAAvbmcjSxEFXAAAAAAAAAAAAAQACAAAJIAAAAAAAAAAAAAAAAAAAAApSZWZlcmVuY2VzABAACAAAy/Q38wAAABEACAAA0sSVtwAAAAEAFAvbs94L2XuBBulO7gAD10wAA9dKAAIAYG1ibTpVc2VyczoAbWJtYXk6AEdvb2dsZSBEcml2ZToAQ1NFIDY3MzAvIFByb2plY3QgMToAUmVmZXJlbmNlczoAaGVsYmluZyBBIEZsdWlkIER5biNCREI5OUM4LnBkZgAOAIQAQQBoAGUAbABiAGkAbgBnACAAQQAgAEYAbAB1AGkAZAAgAEQAeQBuAGEAbQBpAGMAIABNAG8AZABlAGwAIABmAG8AcgAgAHQAaABlACAATQBvAHYAZQBtAGUAbgB0ACAAbwBmACAAUABlAGQAZQBzAHQAcgBpAGEAbgBzAC4AcABkAGYADwAIAAMAbQBiAG0AEgB5VXNlcnMvbWJtYXkvR29vZ2xlIERyaXZlL0NTRSA2NzMwOiBQcm9qZWN0IDEvUmVmZXJlbmNlcy9oZWxiaW5nIEEgRmx1aWQgRHluYW1pYyBNb2RlbCBmb3IgdGhlIE1vdmVtZW50IG9mIFBlZGVzdHJpYW5zLnBkZgAAEwABLwAAFQACAAz//wAAgAbSGxwdHlokY2xhc3NuYW1lWCRjbGFzc2VzXU5TTXV0YWJsZURhdGGjHR8gVk5TRGF0YVhOU09iamVjdNIbHCIjXE5TRGljdGlvbmFyeaIiIF8QD05TS2V5ZWRBcmNoaXZlctEmJ1Ryb290gAEACAARABoAIwAtADIANwBAAEYATQBVAGAAZwBqAGwAbgBxAHMAdQB3AIQAjgDgAOUA7QNLA00DUgNdA2YDdAN4A38DiAONA5oDnQOvA7IDtwAAAAAAAAIBAAAAAAAAACgAAAAAAAAAAAAAAAAAAAO5}}

@article{burstedde2001simulation,
	Abstract = {2D CA-based model that incorporates floor fields to influence pedestrian behavior},
	Author = {Burstedde, Carsten and Klauck, Kai and Schadschneider, Andreas and Zittartz, Johannes},
	Date-Added = {2016-01-19 22:30:38 +0000},
	Date-Modified = {2016-01-20 02:06:15 +0000},
	Journal = {Physica A: Statistical Mechanics and its Applications},
	Number = {3},
	Pages = {507--525},
	Publisher = {North-Holland},
	Read = {0},
	Title = {Simulation of pedestrian dynamics using a two-dimensional cellular automaton},
	Volume = {295},
	Year = {2001},
	Bdsk-File-1 = {YnBsaXN0MDDUAQIDBAUGJCVYJHZlcnNpb25YJG9iamVjdHNZJGFyY2hpdmVyVCR0b3ASAAGGoKgHCBMUFRYaIVUkbnVsbNMJCgsMDxJXTlMua2V5c1pOUy5vYmplY3RzViRjbGFzc6INDoACgAOiEBGABIAFgAdccmVsYXRpdmVQYXRoWWFsaWFzRGF0YV8QZi4uL1JlZmVyZW5jZXMvYnVyc3RlZGRlIFNpbXVsYXRpb24gb2YgcGVkZXN0cmlhbiBkeW5hbWljcyB1c2luZyBhIDItZGltZW5zaW9uYWwgY2VsbHVsYXIgYXV0b21hdG9uLnBkZtIXCxgZV05TLmRhdGFPEQKeAAAAAAKeAAIAAANtYm0AAAAAAAAAAAAAAAAAAAAAAAAAAAAAAADL8/GjSCsAAAvbs94fYnVyc3RlZGRlIFNpbXVsYXRpbyNCREJERTkzLnBkZgAAAAAAAAAAAAAAAAAAAAAAAAAAAAAAAAAAAAAAAAAAC9vek9LDCqkAAAAAAAAAAAABAAIAAAkgAAAAAAAAAAAAAAAAAAAAClJlZmVyZW5jZXMAEAAIAADL9DfzAAAAEQAIAADSw18JAAAAAQAUC9uz3gvZe4EG6U7uAAPXTAAD10oAAgBgbWJtOlVzZXJzOgBtYm1heToAR29vZ2xlIERyaXZlOgBDU0UgNjczMC8gUHJvamVjdCAxOgBSZWZlcmVuY2VzOgBidXJzdGVkZGUgU2ltdWxhdGlvI0JEQkRFOTMucGRmAA4AsgBYAGIAdQByAHMAdABlAGQAZABlACAAUwBpAG0AdQBsAGEAdABpAG8AbgAgAG8AZgAgAHAAZQBkAGUAcwB0AHIAaQBhAG4AIABkAHkAbgBhAG0AaQBjAHMAIAB1AHMAaQBuAGcAIABhACAAMgAtAGQAaQBtAGUAbgBzAGkAbwBuAGEAbAAgAGMAZQBsAGwAdQBsAGEAcgAgAGEAdQB0AG8AbQBhAHQAbwBuAC4AcABkAGYADwAIAAMAbQBiAG0AEgCQVXNlcnMvbWJtYXkvR29vZ2xlIERyaXZlL0NTRSA2NzMwOiBQcm9qZWN0IDEvUmVmZXJlbmNlcy9idXJzdGVkZGUgU2ltdWxhdGlvbiBvZiBwZWRlc3RyaWFuIGR5bmFtaWNzIHVzaW5nIGEgMi1kaW1lbnNpb25hbCBjZWxsdWxhciBhdXRvbWF0b24ucGRmABMAAS8AABUAAgAM//8AAIAG0hscHR5aJGNsYXNzbmFtZVgkY2xhc3Nlc11OU011dGFibGVEYXRhox0fIFZOU0RhdGFYTlNPYmplY3TSGxwiI1xOU0RpY3Rpb25hcnmiIiBfEA9OU0tleWVkQXJjaGl2ZXLRJidUcm9vdIABAAgAEQAaACMALQAyADcAQABGAE0AVQBgAGcAagBsAG4AcQBzAHUAdwCEAI4A9wD8AQQDpgOoA60DuAPBA88D0wPaA+MD6AP1A/gECgQNBBIAAAAAAAACAQAAAAAAAAAoAAAAAAAAAAAAAAAAAAAEFA==}}

@misc{tensorflow2015-whitepaper,
	Author = {Mart\'{\i}n~Abadi and Ashish~Agarwal and Paul~Barham and Eugene~Brevdo and Zhifeng~Chen and Craig~Citro and Greg~S.~Corrado and Andy~Davis and Jeffrey~Dean and Matthieu~Devin and Sanjay~Ghemawat and Ian~Goodfellow and Andrew~Harp and Geoffrey~Irving and Michael~Isard and Yangqing Jia and Rafal~Jozefowicz and Lukasz~Kaiser and Manjunath~Kudlur and Josh~Levenberg and Dan~Man\'{e} and Rajat~Monga and Sherry~Moore and Derek~Murray and Chris~Olah and Mike~Schuster and Jonathon~Shlens and Benoit~Steiner and Ilya~Sutskever and Kunal~Talwar and Paul~Tucker and Vincent~Vanhoucke and Vijay~Vasudevan and Fernanda~Vi\'{e}gas and Oriol~Vinyals and Pete~Warden and Martin~Wattenberg and Martin~Wicke and Yuan~Yu and Xiaoqiang~Zheng},
	Date-Added = {2016-01-16 22:51:38 +0000},
	Date-Modified = {2016-01-16 22:51:38 +0000},
	Note = {Software available from tensorflow.org},
	Title = {{TensorFlow}: Large-Scale Machine Learning on Heterogeneous Systems},
	Url = {http://tensorflow.org/},
	Year = {2015},
	Bdsk-File-1 = {YnBsaXN0MDDUAQIDBAUGJCVYJHZlcnNpb25YJG9iamVjdHNZJGFyY2hpdmVyVCR0b3ASAAGGoKgHCBMUFRYaIVUkbnVsbNMJCgsMDxJXTlMua2V5c1pOUy5vYmplY3RzViRjbGFzc6INDoACgAOiEBGABIAFgAdccmVsYXRpdmVQYXRoWWFsaWFzRGF0YV8Qei4uLy4uL1NhdmVkIFBhcGVycy9DU0UgNjI0MiBQcm9qZWN0L2FiYWRpIFRlbnNvckZsb3cgTGFyZ2UtU2NhbGUgTWFjaGluZSBMZWFybmluZyBvbiBIZXRlcm9nZW5lb3VzIERpc3RyaWJ1dGVkIFN5c3RlbXMucGRm0hcLGBlXTlMuZGF0YU8RAp4AAAAAAp4AAgAAA21ibQAAAAAAAAAAAAAAAAAAAAAAAAAAAAAAAMvz8aNIKwAAC9vE1R9hYmFkaSBUZW5zb3JGbG93IExhI0JERTAyMDUucGRmAAAAAAAAAAAAAAAAAAAAAAAAAAAAAAAAAAAAAAAAAAAL3gIF0sWloQAAAAAAAAAAAAIAAwAACSAAAAAAAAAAAAAAAAAAAAAQQ1NFIDYyNDIgUHJvamVjdAAQAAgAAMv0N/MAAAARAAgAANLF+gEAAAABABQL28TVC9kqiAbpTu4AA9dMAAPXSgACAF9tYm06VXNlcnM6AG1ibWF5OgBHb29nbGUgRHJpdmU6AFNhdmVkIFBhcGVyczoAQ1NFIDYyNDIgUHJvamVjdDoAYWJhZGkgVGVuc29yRmxvdyBMYSNCREUwMjA1LnBkZgAADgCuAFYAYQBiAGEAZABpACAAVABlAG4AcwBvAHIARgBsAG8AdwAgAEwAYQByAGcAZQAtAFMAYwBhAGwAZQAgAE0AYQBjAGgAaQBuAGUAIABMAGUAYQByAG4AaQBuAGcAIABvAG4AIABIAGUAdABlAHIAbwBnAGUAbgBlAG8AdQBzACAARABpAHMAdAByAGkAYgB1AHQAZQBkACAAUwB5AHMAdABlAG0AcwAuAHAAZABmAA8ACAADAG0AYgBtABIAjVVzZXJzL21ibWF5L0dvb2dsZSBEcml2ZS9TYXZlZCBQYXBlcnMvQ1NFIDYyNDIgUHJvamVjdC9hYmFkaSBUZW5zb3JGbG93IExhcmdlLVNjYWxlIE1hY2hpbmUgTGVhcm5pbmcgb24gSGV0ZXJvZ2VuZW91cyBEaXN0cmlidXRlZCBTeXN0ZW1zLnBkZgAAEwABLwAAFQACAAz//wAAgAbSGxwdHlokY2xhc3NuYW1lWCRjbGFzc2VzXU5TTXV0YWJsZURhdGGjHR8gVk5TRGF0YVhOU09iamVjdNIbHCIjXE5TRGljdGlvbmFyeaIiIF8QD05TS2V5ZWRBcmNoaXZlctEmJ1Ryb290gAEACAARABoAIwAtADIANwBAAEYATQBVAGAAZwBqAGwAbgBxAHMAdQB3AIQAjgELARABGAO6A7wDwQPMA9UD4wPnA+4D9wP8BAkEDAQeBCEEJgAAAAAAAAIBAAAAAAAAACgAAAAAAAAAAAAAAAAAAAQo},
	Bdsk-Url-1 = {http://tensorflow.org/}}

@inproceedings{ngiam2011multimodal,
	Author = {Ngiam, Jiquan and Khosla, Aditya and Kim, Mingyu and Nam, Juhan and Lee, Honglak and Ng, Andrew Y},
	Booktitle = {Proceedings of the 28th international conference on machine learning (ICML-11)},
	Date-Added = {2016-01-16 22:02:48 +0000},
	Date-Modified = {2016-01-16 22:02:48 +0000},
	Pages = {689--696},
	Title = {Multimodal deep learning},
	Year = {2011}}

@inproceedings{lee2009unsupervised,
	Author = {Lee, Honglak and Pham, Peter and Largman, Yan and Ng, Andrew Y},
	Booktitle = {Advances in neural information processing systems},
	Date-Added = {2016-01-16 22:00:54 +0000},
	Date-Modified = {2016-01-16 22:00:54 +0000},
	Pages = {1096--1104},
	Title = {Unsupervised feature learning for audio classification using convolutional deep belief networks},
	Year = {2009}}

@article{hinton2006fast,
	Author = {Hinton, Geoffrey E and Osindero, Simon and Teh, Yee-Whye},
	Date-Added = {2016-01-16 21:19:25 +0000},
	Date-Modified = {2016-01-16 21:19:25 +0000},
	Journal = {Neural computation},
	Number = {7},
	Pages = {1527--1554},
	Publisher = {MIT Press},
	Title = {A fast learning algorithm for deep belief nets},
	Volume = {18},
	Year = {2006}}

@comment{BibDesk Static Groups{
<?xml version="1.0" encoding="UTF-8"?>
<!DOCTYPE plist PUBLIC "-//Apple//DTD PLIST 1.0//EN" "http://www.apple.com/DTDs/PropertyList-1.0.dtd">
<plist version="1.0">
<array>
	<dict>
		<key>group name</key>
		<string>CSE 6242: Project</string>
		<key>keys</key>
		<string>chen2015net2net,tensorflow2015-whitepaper,szegedy2015rethinking,esteva-skincancer-manuscript,szegedy2014going</string>
	</dict>
	<dict>
		<key>group name</key>
		<string>CSE 6730: Project 1</string>
		<key>keys</key>
		<string>helbing2002simulation,helbing2005self,zheng2009modeling,braun2003modeling,fang2011hierarchical,klupfel2005models,klupfel2005simulation,weifeng2003simulation,kemloh2012modeling,fang2011proposed,ganem1998behavioral,helbing1995social,zarboutis2007design,burstedde2001simulation,zhang2007stranded,okazaki1993study,blue2001cellular,helbing2000simulating,weidmann1992transporttechnik,helbing1998fluid,biham1992self</string>
	</dict>
</array>
</plist>
}}
